@Book{mitchell97,
  author      = {Tom M Mitchell},
  title       = {Machine Learning},
  publisher   = {McGraw-Hill},
  address     = {New York, NY},
  year        = {1997}
}

@Book{james13,
  author      = {Gareth James and Daniela Witten and Trevor Hastie and Robert Tibshirani},
  title       = {Introduction to Statistical Learning : with Applications in R},
  publisher   = {Springer},
  address     = {New York, NY},
  year        = {2013}
}

@book{efron16,
 author = {Efron, Bradley and Hastie, Trevor},
 title = {Computer Age Statistical Inference: Algorithms, Evidence, and Data Science},
 publisher = {Cambridge University Press},
 address = {New York, NY, USA},
 year = {2016},
}

@Book{tukey77,
  author      = {John W Tukey},
  title       = {Exploratory Data Analysis},
  edition     = {7},
  publisher   = {Addison Wesley},
  address     = {Reading, Massachusetts},
  year        = {1977}
}
